%YAML 1.1
%TAG !u! tag:unity3d.com,2011:
--- !u!1 &2267488822637348015
GameObject:
  m_ObjectHideFlags: 0
  m_CorrespondingSourceObject: {fileID: 0}
  m_PrefabInstance: {fileID: 0}
  m_PrefabAsset: {fileID: 0}
  serializedVersion: 6
  m_Component:
  - component: {fileID: 2267488822637348014}
  - component: {fileID: 2267488822637348013}
  m_Layer: 0
  m_Name: Collider (4)
  m_TagString: Untagged
  m_Icon: {fileID: 0}
  m_NavMeshLayer: 0
  m_StaticEditorFlags: 0
  m_IsActive: 1
--- !u!4 &2267488822637348014
Transform:
  m_ObjectHideFlags: 0
  m_CorrespondingSourceObject: {fileID: 0}
  m_PrefabInstance: {fileID: 0}
  m_PrefabAsset: {fileID: 0}
  m_GameObject: {fileID: 2267488822637348015}
  m_LocalRotation: {x: -0.000000044703484, y: 0.9947358, z: -0.00000011920929, w: -0.10247369}
  m_LocalPosition: {x: -0.003, y: 0, z: -0.107}
  m_LocalScale: {x: 1, y: 1, z: 1}
  m_Children: []
  m_Father: {fileID: 2267488822801137747}
  m_RootOrder: 4
  m_LocalEulerAnglesHint: {x: 0, y: 191.76299, z: 0}
--- !u!65 &2267488822637348013
BoxCollider:
  m_ObjectHideFlags: 0
  m_CorrespondingSourceObject: {fileID: 0}
  m_PrefabInstance: {fileID: 0}
  m_PrefabAsset: {fileID: 0}
  m_GameObject: {fileID: 2267488822637348015}
  m_Material: {fileID: 0}
  m_IsTrigger: 0
  m_Enabled: 1
  serializedVersion: 2
  m_Size: {x: 0.06402278, y: 0.17380449, z: 0.46937376}
  m_Center: {x: 0.44497868, y: 0.18605791, z: -0.02965181}
--- !u!1 &2267488822801137756
GameObject:
  m_ObjectHideFlags: 0
  m_CorrespondingSourceObject: {fileID: 0}
  m_PrefabInstance: {fileID: 0}
  m_PrefabAsset: {fileID: 0}
  serializedVersion: 6
  m_Component:
  - component: {fileID: 2267488822801137747}
  - component: {fileID: 2267488822801137744}
  - component: {fileID: 2267488822801137745}
  m_Layer: 0
  m_Name: FightZoneForceField
  m_TagString: Untagged
  m_Icon: {fileID: 0}
  m_NavMeshLayer: 0
  m_StaticEditorFlags: 0
  m_IsActive: 0
--- !u!4 &2267488822801137747
Transform:
  m_ObjectHideFlags: 0
  m_CorrespondingSourceObject: {fileID: 0}
  m_PrefabInstance: {fileID: 0}
  m_PrefabAsset: {fileID: 0}
  m_GameObject: {fileID: 2267488822801137756}
  m_LocalRotation: {x: -0.6414711, y: -0.2975141, z: -0.297514, w: -0.6414715}
  m_LocalPosition: {x: -0.0289, y: 0.0056, z: 0}
  m_LocalScale: {x: 0.066061154, y: 0.066061124, z: 0.06606114}
  m_Children:
  - {fileID: 2267488824022099880}
  - {fileID: 2267488824340618153}
  - {fileID: 2267488822939677202}
  - {fileID: 2267488823713268233}
  - {fileID: 2267488822637348014}
  - {fileID: 2267488824446462422}
  - {fileID: 2267488822919907960}
  - {fileID: 2267488823545868712}
  m_Father: {fileID: 0}
  m_RootOrder: 0
  m_LocalEulerAnglesHint: {x: 0, y: 0, z: 0}
--- !u!33 &2267488822801137744
MeshFilter:
  m_ObjectHideFlags: 0
  m_CorrespondingSourceObject: {fileID: 0}
  m_PrefabInstance: {fileID: 0}
  m_PrefabAsset: {fileID: 0}
  m_GameObject: {fileID: 2267488822801137756}
  m_Mesh: {fileID: 10207, guid: 0000000000000000e000000000000000, type: 0}
--- !u!23 &2267488822801137745
MeshRenderer:
  m_ObjectHideFlags: 0
  m_CorrespondingSourceObject: {fileID: 0}
  m_PrefabInstance: {fileID: 0}
  m_PrefabAsset: {fileID: 0}
  m_GameObject: {fileID: 2267488822801137756}
  m_Enabled: 1
  m_CastShadows: 0
  m_ReceiveShadows: 1
  m_DynamicOccludee: 1
  m_MotionVectors: 1
  m_LightProbeUsage: 1
  m_ReflectionProbeUsage: 1
  m_RayTracingMode: 2
  m_RenderingLayerMask: 1
  m_RendererPriority: 0
  m_Materials:
  - {fileID: 2100000, guid: 49b5a569c325878439caa987295de09a, type: 2}
  m_StaticBatchInfo:
    firstSubMesh: 0
    subMeshCount: 0
  m_StaticBatchRoot: {fileID: 0}
  m_ProbeAnchor: {fileID: 0}
  m_LightProbeVolumeOverride: {fileID: 0}
  m_ScaleInLightmap: 1
  m_ReceiveGI: 1
  m_PreserveUVs: 0
  m_IgnoreNormalsForChartDetection: 0
  m_ImportantGI: 0
  m_StitchLightmapSeams: 1
  m_SelectedEditorRenderState: 3
  m_MinimumChartSize: 4
  m_AutoUVMaxDistance: 0.5
  m_AutoUVMaxAngle: 89
  m_LightmapParameters: {fileID: 0}
  m_SortingLayerID: 0
  m_SortingLayer: 0
  m_SortingOrder: 0
--- !u!1 &2267488822919907961
GameObject:
  m_ObjectHideFlags: 0
  m_CorrespondingSourceObject: {fileID: 0}
  m_PrefabInstance: {fileID: 0}
  m_PrefabAsset: {fileID: 0}
  serializedVersion: 6
  m_Component:
  - component: {fileID: 2267488822919907960}
  - component: {fileID: 2267488822919907967}
  m_Layer: 0
  m_Name: Collider (6)
  m_TagString: Untagged
  m_Icon: {fileID: 0}
  m_NavMeshLayer: 0
  m_StaticEditorFlags: 0
  m_IsActive: 1
--- !u!4 &2267488822919907960
Transform:
  m_ObjectHideFlags: 0
  m_CorrespondingSourceObject: {fileID: 0}
  m_PrefabInstance: {fileID: 0}
  m_PrefabAsset: {fileID: 0}
  m_GameObject: {fileID: 2267488822919907961}
  m_LocalRotation: {x: 0.000000119209275, y: 0.69841236, z: -0.0000000745058, w: -0.7156957}
  m_LocalPosition: {x: 0.001, y: -0, z: -0.007}
  m_LocalScale: {x: 1, y: 1, z: 1}
  m_Children: []
  m_Father: {fileID: 2267488822801137747}
  m_RootOrder: 6
  m_LocalEulerAnglesHint: {x: 0, y: 271.4, z: 0}
--- !u!65 &2267488822919907967
BoxCollider:
  m_ObjectHideFlags: 0
  m_CorrespondingSourceObject: {fileID: 0}
  m_PrefabInstance: {fileID: 0}
  m_PrefabAsset: {fileID: 0}
  m_GameObject: {fileID: 2267488822919907961}
  m_Material: {fileID: 0}
  m_IsTrigger: 0
  m_Enabled: 1
  serializedVersion: 2
  m_Size: {x: 0.06402278, y: 0.17380449, z: 0.46937376}
  m_Center: {x: 0.44497868, y: 0.18605791, z: -0.02965181}
--- !u!1 &2267488822939677203
GameObject:
  m_ObjectHideFlags: 0
  m_CorrespondingSourceObject: {fileID: 0}
  m_PrefabInstance: {fileID: 0}
  m_PrefabAsset: {fileID: 0}
  serializedVersion: 6
  m_Component:
  - component: {fileID: 2267488822939677202}
  - component: {fileID: 2267488822939677201}
  m_Layer: 0
  m_Name: Collider (2)
  m_TagString: Untagged
  m_Icon: {fileID: 0}
  m_NavMeshLayer: 0
  m_StaticEditorFlags: 0
  m_IsActive: 1
--- !u!4 &2267488822939677202
Transform:
  m_ObjectHideFlags: 0
  m_CorrespondingSourceObject: {fileID: 0}
  m_PrefabInstance: {fileID: 0}
  m_PrefabAsset: {fileID: 0}
  m_GameObject: {fileID: 2267488822939677203}
  m_LocalRotation: {x: -0.000000044703473, y: 0.7056059, z: -0, w: 0.70860445}
  m_LocalPosition: {x: 0.041, y: -0, z: 0.006}
  m_LocalScale: {x: 1, y: 1, z: 1}
  m_Children: []
  m_Father: {fileID: 2267488822801137747}
  m_RootOrder: 2
  m_LocalEulerAnglesHint: {x: 0, y: 89.757, z: 0}
--- !u!65 &2267488822939677201
BoxCollider:
  m_ObjectHideFlags: 0
  m_CorrespondingSourceObject: {fileID: 0}
  m_PrefabInstance: {fileID: 0}
  m_PrefabAsset: {fileID: 0}
  m_GameObject: {fileID: 2267488822939677203}
  m_Material: {fileID: 0}
  m_IsTrigger: 0
  m_Enabled: 1
  serializedVersion: 2
  m_Size: {x: 0.06402278, y: 0.17380449, z: 0.46937376}
  m_Center: {x: 0.44497868, y: 0.18605791, z: -0.02965181}
--- !u!1 &2267488823545868713
GameObject:
  m_ObjectHideFlags: 0
  m_CorrespondingSourceObject: {fileID: 0}
  m_PrefabInstance: {fileID: 0}
  m_PrefabAsset: {fileID: 0}
  serializedVersion: 6
  m_Component:
  - component: {fileID: 2267488823545868712}
  - component: {fileID: 2267488823545868719}
  m_Layer: 0
  m_Name: Collider (7)
  m_TagString: Untagged
  m_Icon: {fileID: 0}
  m_NavMeshLayer: 0
  m_StaticEditorFlags: 0
  m_IsActive: 1
--- !u!4 &2267488823545868712
Transform:
  m_ObjectHideFlags: 0
  m_CorrespondingSourceObject: {fileID: 0}
  m_PrefabInstance: {fileID: 0}
  m_PrefabAsset: {fileID: 0}
  m_GameObject: {fileID: 2267488823545868713}
  m_LocalRotation: {x: 0.00000020861623, y: 0.27576807, z: -0.000000029802319, w: -0.9612242}
  m_LocalPosition: {x: -0.031, y: -0, z: 0.049}
  m_LocalScale: {x: 1, y: 1, z: 1}
  m_Children: []
  m_Father: {fileID: 2267488822801137747}
  m_RootOrder: 7
  m_LocalEulerAnglesHint: {x: 0, y: 327.984, z: 0}
--- !u!65 &2267488823545868719
BoxCollider:
  m_ObjectHideFlags: 0
  m_CorrespondingSourceObject: {fileID: 0}
  m_PrefabInstance: {fileID: 0}
  m_PrefabAsset: {fileID: 0}
  m_GameObject: {fileID: 2267488823545868713}
  m_Material: {fileID: 0}
  m_IsTrigger: 0
  m_Enabled: 1
  serializedVersion: 2
  m_Size: {x: 0.06402278, y: 0.17380449, z: 0.46937376}
  m_Center: {x: 0.44497868, y: 0.18605791, z: -0.02965181}
--- !u!1 &2267488823713268234
GameObject:
  m_ObjectHideFlags: 0
  m_CorrespondingSourceObject: {fileID: 0}
  m_PrefabInstance: {fileID: 0}
  m_PrefabAsset: {fileID: 0}
  serializedVersion: 6
  m_Component:
  - component: {fileID: 2267488823713268233}
  - component: {fileID: 2267488823713268232}
  m_Layer: 0
  m_Name: Collider (3)
  m_TagString: Untagged
  m_Icon: {fileID: 0}
  m_NavMeshLayer: 0
  m_StaticEditorFlags: 0
  m_IsActive: 1
--- !u!4 &2267488823713268233
Transform:
  m_ObjectHideFlags: 0
  m_CorrespondingSourceObject: {fileID: 0}
  m_PrefabInstance: {fileID: 0}
  m_PrefabAsset: {fileID: 0}
  m_GameObject: {fileID: 2267488823713268234}
  m_LocalRotation: {x: -0.00000007054768, y: 0.9079574, z: -0.000000059604638, w: 0.41906244}
  m_LocalPosition: {x: 0.019, y: 0, z: -0.019}
  m_LocalScale: {x: 1, y: 1, z: 1}
  m_Children: []
  m_Father: {fileID: 2267488822801137747}
  m_RootOrder: 3
  m_LocalEulerAnglesHint: {x: 0, y: 130.449, z: 0}
--- !u!65 &2267488823713268232
BoxCollider:
  m_ObjectHideFlags: 0
  m_CorrespondingSourceObject: {fileID: 0}
  m_PrefabInstance: {fileID: 0}
  m_PrefabAsset: {fileID: 0}
  m_GameObject: {fileID: 2267488823713268234}
  m_Material: {fileID: 0}
  m_IsTrigger: 0
  m_Enabled: 1
  serializedVersion: 2
  m_Size: {x: 0.06402278, y: 0.17380449, z: 0.46937376}
  m_Center: {x: 0.44497868, y: 0.18605791, z: -0.02965181}
--- !u!1 &2267488824022099881
GameObject:
  m_ObjectHideFlags: 0
  m_CorrespondingSourceObject: {fileID: 0}
  m_PrefabInstance: {fileID: 0}
  m_PrefabAsset: {fileID: 0}
  serializedVersion: 6
  m_Component:
  - component: {fileID: 2267488824022099880}
  - component: {fileID: 2267488824022099887}
  m_Layer: 0
  m_Name: Collider
  m_TagString: Untagged
  m_Icon: {fileID: 0}
  m_NavMeshLayer: 0
  m_StaticEditorFlags: 0
  m_IsActive: 1
--- !u!4 &2267488824022099880
Transform:
  m_ObjectHideFlags: 0
  m_CorrespondingSourceObject: {fileID: 0}
  m_PrefabInstance: {fileID: 0}
  m_PrefabAsset: {fileID: 0}
  m_GameObject: {fileID: 2267488824022099881}
  m_LocalRotation: {x: 0, y: 0, z: 0, w: 1}
  m_LocalPosition: {x: 0, y: 0, z: 0}
  m_LocalScale: {x: 1, y: 1, z: 1}
  m_Children: []
  m_Father: {fileID: 2267488822801137747}
  m_RootOrder: 0
  m_LocalEulerAnglesHint: {x: 0, y: 0, z: 0}
--- !u!65 &2267488824022099887
BoxCollider:
  m_ObjectHideFlags: 0
  m_CorrespondingSourceObject: {fileID: 0}
  m_PrefabInstance: {fileID: 0}
  m_PrefabAsset: {fileID: 0}
  m_GameObject: {fileID: 2267488824022099881}
  m_Material: {fileID: 0}
  m_IsTrigger: 0
  m_Enabled: 1
  serializedVersion: 2
  m_Size: {x: 0.06402278, y: 0.17380449, z: 0.46937376}
  m_Center: {x: 0.44497868, y: 0.18605791, z: -0.02965181}
--- !u!1 &2267488824340618154
GameObject:
  m_ObjectHideFlags: 0
  m_CorrespondingSourceObject: {fileID: 0}
  m_PrefabInstance: {fileID: 0}
  m_PrefabAsset: {fileID: 0}
  serializedVersion: 6
  m_Component:
  - component: {fileID: 2267488824340618153}
  - component: {fileID: 2267488824340618152}
  m_Layer: 0
  m_Name: Collider (1)
  m_TagString: Untagged
  m_Icon: {fileID: 0}
  m_NavMeshLayer: 0
  m_StaticEditorFlags: 0
  m_IsActive: 1
--- !u!4 &2267488824340618153
Transform:
  m_ObjectHideFlags: 0
  m_CorrespondingSourceObject: {fileID: 0}
  m_PrefabInstance: {fileID: 0}
  m_PrefabAsset: {fileID: 0}
  m_GameObject: {fileID: 2267488824340618154}
  m_LocalRotation: {x: -0.000000029802322, y: 0.3784376, z: -0.000000029802322, w: 0.9256269}
  m_LocalPosition: {x: 0.044, y: 0, z: 0.044}
  m_LocalScale: {x: 1, y: 1, z: 1}
  m_Children: []
  m_Father: {fileID: 2267488822801137747}
  m_RootOrder: 1
  m_LocalEulerAnglesHint: {x: 0, y: 44.474003, z: 0}
--- !u!65 &2267488824340618152
BoxCollider:
  m_ObjectHideFlags: 0
  m_CorrespondingSourceObject: {fileID: 0}
  m_PrefabInstance: {fileID: 0}
  m_PrefabAsset: {fileID: 0}
  m_GameObject: {fileID: 2267488824340618154}
  m_Material: {fileID: 0}
  m_IsTrigger: 0
  m_Enabled: 1
  serializedVersion: 2
  m_Size: {x: 0.06402278, y: 0.17380449, z: 0.46937376}
  m_Center: {x: 0.44497868, y: 0.18605791, z: -0.02965181}
--- !u!1 &2267488824446462423
GameObject:
  m_ObjectHideFlags: 0
  m_CorrespondingSourceObject: {fileID: 0}
  m_PrefabInstance: {fileID: 0}
  m_PrefabAsset: {fileID: 0}
  serializedVersion: 6
  m_Component:
  - component: {fileID: 2267488824446462422}
  - component: {fileID: 2267488824446462421}
  m_Layer: 0
  m_Name: Collider (5)
  m_TagString: Untagged
  m_Icon: {fileID: 0}
  m_NavMeshLayer: 0
  m_StaticEditorFlags: 0
  m_IsActive: 1
--- !u!4 &2267488824446462422
Transform:
  m_ObjectHideFlags: 0
  m_CorrespondingSourceObject: {fileID: 0}
  m_PrefabInstance: {fileID: 0}
  m_PrefabAsset: {fileID: 0}
  m_GameObject: {fileID: 2267488824446462423}
  m_LocalRotation: {x: 0.00000011920926, y: 0.90960395, z: -0.00000014901158, w: -0.4154764}
  m_LocalPosition: {x: 0.014, y: -0, z: 0.008}
  m_LocalScale: {x: 1, y: 1, z: 1}
  m_Children: []
  m_Father: {fileID: 2267488822801137747}
  m_RootOrder: 5
  m_LocalEulerAnglesHint: {x: 0, y: 229.099, z: 0}
--- !u!65 &2267488824446462421
BoxCollider:
  m_ObjectHideFlags: 0
  m_CorrespondingSourceObject: {fileID: 0}
  m_PrefabInstance: {fileID: 0}
  m_PrefabAsset: {fileID: 0}
  m_GameObject: {fileID: 2267488824446462423}
  m_Material: {fileID: 0}
  m_IsTrigger: 0
  m_Enabled: 1
  serializedVersion: 2
  m_Size: {x: 0.06402278, y: 0.17380449, z: 0.46937376}
  m_Center: {x: 0.44497868, y: 0.18605791, z: -0.02965181}
